
@inproceedings{Ozimek,
  title={Integrating a Non-Uniformly Sampled Software Retina with a Deep CNN Model},
  author={Piotr Ozimek},
  year={2017}
}

@inproceedings{SumithaBalasuriya,
  title={A computational model of space-variant vision based on a self-organised artificial retina tessellation},
  author={Sumitha Balasuriya},
  year={2006}
}

@article{Fattah,
author = {Haitham Fattah, Gerardo Aragon-Camarasa, J. Paul Siebert},
 title = {Towards Binocular Active Vision in a Robot Head},
 journal = {Towards Autonomous Robotic Systems 2008},
 year = {2008},
 pages = {25--32},
 url = {http://cas.ee.ic.ac.uk/people/cmwitk/TAROS_2008_proceedings.pdf},
 }


@inproceedings{RyanWong,
  title={A Smartphone Software Retina},
  author={Ryan Wong},
  year={2017}
}

@inproceedings{JianwenZhou,
  title={Manual Capture Control Interface for Retina Vision},
  author={Jianwen Zhou},
  year={2018}
}


@article{Tinne08,
 author = {Tuytelaars, Tinne and Mikolajczyk, Krystian},
 title = {Local Invariant Feature Detectors: A Survey},
 journal = {Found. Trends. Comput. Graph. Vis.},
 issue_date = {January 2008},
 volume = {3},
 number = {3},
 month = jul,
 year = {2008},
 issn = {1572-2740},
 pages = {177--280},
 numpages = {104},
 url = {http://dx.doi.org/10.1561/0600000017},
 doi = {10.1561/0600000017},
 acmid = {1391082},
 publisher = {Now Publishers Inc.},
 address = {Hanover, MA, USA},
} 


@article{Lowe04,
 author = {Lowe, David G.},
 title = {Distinctive Image Features from Scale-Invariant Keypoints},
 journal = {Int. J. Comput. Vision},
 issue_date = {November 2004},
 volume = {60},
 number = {2},
 month = nov,
 year = {2004},
 issn = {0920-5691},
 pages = {91--110},
 numpages = {20},
 url = {https://doi.org/10.1023/B:VISI.0000029664.99615.94},
 doi = {10.1023/B:VISI.0000029664.99615.94},
 acmid = {996342},
 publisher = {Kluwer Academic Publishers},
 address = {Hingham, MA, USA},
 keywords = {image matching, invariant features, object recognition, scale invariance},
} 


@article{Fischler81,
 author = {Fischler, Martin A. and Bolles, Robert C.},
 title = {Random Sample Consensus: A Paradigm for Model Fitting with Applications to Image Analysis and Automated Cartography},
 journal = {Commun. ACM},
 issue_date = {June 1981},
 volume = {24},
 number = {6},
 month = jun,
 year = {1981},
 issn = {0001-0782},
 pages = {381--395},
 numpages = {15},
 url = {http://doi.acm.org/10.1145/358669.358692},
 doi = {10.1145/358669.358692},
 acmid = {358692},
 publisher = {ACM},
 address = {New York, NY, USA},
 keywords = {automated cartography, camera calibration, image matching, location determination, model fitting, scene analysis},
} 

@inproceedings{Torr2000,
 author = {Torr, Philip H. S. and Zisserman, Andrew},
 title = {Feature Based Methods for Structure and Motion Estimation},
 booktitle = {Proceedings of the International Workshop on Vision Algorithms: Theory and Practice},
 series = {ICCV '99},
 year = {2000},
 isbn = {3-540-67973-1},
 pages = {278--294},
 numpages = {17},
 url = {http://dl.acm.org/citation.cfm?id=646271.685642},
 acmid = {685642},
 publisher = {Springer-Verlag},
 address = {London, UK, UK},
} 

@article{Bay08,
 author = {Bay, Herbert and Ess, Andreas and Tuytelaars, Tinne and Van Gool, Luc},
 title = {Speeded-Up Robust Features (SURF)},
 journal = {Comput. Vis. Image Underst.},
 issue_date = {June, 2008},
 volume = {110},
 number = {3},
 month = jun,
 year = {2008},
 issn = {1077-3142},
 pages = {346--359},
 numpages = {14},
 url = {http://dx.doi.org/10.1016/j.cviu.2007.09.014},
 doi = {10.1016/j.cviu.2007.09.014},
 acmid = {1370556},
 publisher = {Elsevier Science Inc.},
 address = {New York, NY, USA},
 keywords = {Camera calibration, Feature description, Interest points, Local features, Object recognition},
} 


@inproceedings{Pey17,
  author    = {Simon {Peyton Jones}},
  title     = {How to Write a Great Research Paper},
  booktitle = {2017 Imperial College Computing Student Workshop, {ICCSW} 2017, September
               26-27, 2017, London, {UK}},
  pages     = {1:1--1:1},
  year      = {2017},    
  
}

@book{Wil09,
  title={Style: the basics of clarity and grace},
  author={Williams, Joseph M and Bizup, Joseph},
  year={2009},
  publisher={Pearson Longman}
}

@book{Pin15,
  title={The sense of style: The thinking person's guide to writing in the 21st century},
  author={Pinker, Steven},
  year={2015},
  publisher={Penguin Books}
}

@book{StrWhi07,
  title={The Elements of style},
  author={Strunk, William and Whyte, EB},
  year={2007},
  publisher={Penguin}
}

@book{Von80,
  title={How to write with style},
  author={Vonnegut, Kurt},
  year={1980},
  publisher={International Paper Company}
}

@incollection{Orw68,
  title={Politics and the {English} language},
  author={Orwell, George},
  booktitle={The collected essays, journalism and letters of George Orwell},
  pages={127--140},
  year={1968},
  publisher={Harcourt, Brace, Javanovich}
}


@Article{Schwartz1977,
author="Schwartz, E. L.",
title="Spatial mapping in the primate sensory projection: Analytic structure and relevance to perception",
journal="Biological Cybernetics",
year="1977",
month="Dec",
day="01",
volume="25",
number="4",
pages="181--194",
issn="1432-0770",
doi="10.1007/BF01885636",
url="https://doi.org/10.1007/BF01885636"
}

@article{Schwartz1980,
title = "Computational anatomy and functional architecture of striate cortex: A spatial mapping approach to perceptual coding",
journal = "Vision Research",
volume = "20",
number = "8",
pages = "645 - 669",
year = "1980",
issn = "0042-6989",
doi = "https://doi.org/10.1016/0042-6989(80)90090-5",
url = "http://www.sciencedirect.com/science/article/pii/0042698980900905",
author = "Eric L. Schwartz"
}


@inproceedings{Peters:2003:BVA:791221.791862,
 author = {Peters, Christopher and O' Sullivan, Carol},
 title = {Bottom-Up Visual Attention for Virtual Human Animation},
 booktitle = {Proceedings of the 16th International Conference on Computer Animation and Social Agents (CASA 2003)},
 series = {CASA '03},
 year = {2003},
 isbn = {0-7695-1934-2},
 pages = {111--},
 url = {http://dl.acm.org/citation.cfm?id=791221.791862},
 acmid = {791862},
 publisher = {IEEE Computer Society},
 address = {Washington, DC, USA},
} 

@book{James1890,
	year = {1890},
	publisher = {Dover Publications},
	author = {William James},
	title = {The Principles of Psychology}
}

@Article{Braun1998,
author="Braun, Jochen
and Julesz, Bela",
title="Withdrawing attention at little or no cost: Detection and discrimination tasks",
journal="Perception {\&} Psychophysics",
year="1998",
month="Jan",
day="01",
volume="60",
number="1",
pages="1--23",
issn="1532-5962",
doi="10.3758/BF03211915",
url="https://doi.org/10.3758/BF03211915"
}


@Article{Treissman1988,
author = {Anne Treisman},
title ={Features and Objects: The Fourteenth Bartlett Memorial Lecture},
journal = {The Quarterly Journal of Experimental Psychology Section A},
volume = {40},
number = {2},
pages = {201-237},
year = {1988},
doi = {10.1080/02724988843000104},
    note ={PMID: 3406448},

URL = { 
        https://doi.org/10.1080/02724988843000104
},
eprint = { 
        https://doi.org/10.1080/02724988843000104
}

}


@phdthesis{Itti2000,
    title    = {Models of Bottom-Up and Top-Down Visual Attention},
    school   = {California Institute of Technology},
    author   = {Itti, Laurent},
    year     = {2000}, 
}

@book{yarbus1967eye,
  title={Eye movements and vision},
  author={Yarbus, Alfred L},
  year={1967},
  publisher={Springer}
}


@inbook{milanese1992,
author={Milanese,Ruggero},
editor={H. Kaiser, R. Bach and H. Bunke,Eds.},
year={1992},
title={Detection of salient features for focus of attention},
series={Proceedings 3rd SGAICO Meeting (Swiss Group for Artificial Intelligence and Cognitive Science)},
publisher={University of Bern},
pages={87-101},
note={ID: unige:47826},
language={eng},
url={https://archive-ouverte.unige.ch/unige:47826}
}

@article{kruthiventi2015,
  author    = {Srinivas S. Kruthiventi and
               Kumar Ayush and
               R. Venkatesh Babu},
  title     = {DeepFix: {A} Fully Convolutional Neural Network for predicting Human
               Eye Fixations},
  journal   = {CoRR},
  volume    = {abs/1510.02927},
  year      = {2015},
  url       = {http://arxiv.org/abs/1510.02927},
  archivePrefix = {arXiv},
  eprint    = {1510.02927},
  timestamp = {Mon, 13 Aug 2018 16:47:13 +0200},
  biburl    = {https://dblp.org/rec/bib/journals/corr/KruthiventiAB15},
  bibsource = {dblp computer science bibliography, https://dblp.org}
}

@inproceedings{Rublee:2011:OEA:2355573.2356268,
 author = {Rublee, Ethan and Rabaud, Vincent and Konolige, Kurt and Bradski, Gary},
 title = {ORB: An Efficient Alternative to SIFT or SURF},
 booktitle = {Proceedings of the 2011 International Conference on Computer Vision},
 series = {ICCV '11},
 year = {2011},
 isbn = {978-1-4577-1101-5},
 pages = {2564--2571},
 numpages = {8},
 url = {http://dx.doi.org/10.1109/ICCV.2011.6126544},
 doi = {10.1109/ICCV.2011.6126544},
 acmid = {2356268},
 publisher = {IEEE Computer Society},
 address = {Washington, DC, USA},
} 

@online{fast,
 author= {Deepanshu Tyagi},
 title= {Introduction to FAST (Features from Accelerated Segment Test)},
 year = 2019,
 url = {https://medium.com/@deepanshut041/introduction-to-fast-features-from-accelerated-segment-test-4ed33dde6d65}
}


@article{Karami,
  author    = {Ebrahim Karami and
               Siva Prasad and
               Mohamed S. Shehata},
  title     = {Image Matching Using SIFT, SURF, {BRIEF} and {ORB:} Performance Comparison
               for Distorted Images},
  journal   = {CoRR},
  volume    = {abs/1710.02726},
  year      = {2017},
  url       = {http://arxiv.org/abs/1710.02726},
  archivePrefix = {arXiv},
  eprint    = {1710.02726},
  timestamp = {Mon, 13 Aug 2018 16:46:48 +0200},
  biburl    = {https://dblp.org/rec/bib/journals/corr/abs-1710-02726},
  bibsource = {dblp computer science bibliography, https://dblp.org}
}

@article{Tareen2018ACA,
  title={A comparative analysis of SIFT, SURF, KAZE, AKAZE, ORB, and BRISK},
  author={Shaharyar Ahmed Khan Tareen and Zahra Saleem},
  journal={2018 International Conference on Computing, Mathematics and Engineering Technologies (iCoMET)},
  year={2018},
  pages={1-10}
}

